
@inproceedings{coates2011analysis,
  title={An analysis of single-layer networks in unsupervised feature learning},
  author={Coates, Adam and Ng, Andrew Y and Lee, Honglak},
  booktitle={International conference on artificial intelligence and statistics},
  pages={215--223},
  year={2011}
}

@article{simonyan2014very,
  title={Very deep convolutional networks for large-scale image recognition},
  author={Simonyan, Karen and Zisserman, Andrew},
  journal={arXiv preprint arXiv:1409.1556},
  year={2014}
}

@article{dieleman2015lasagne,
  title={Lasagne: First release},
  author={Dieleman, Sander and Schl{\"u}ter, Jan and Raffel, Colin and Olson, Eben and S{\o}nderby, SK and Nouri, D and Maturana, D and Thoma, M and Battenberg, E and Kelly, J and others},
  journal={Zenodo: Geneva, Switzerland},
  year={2015}
}

@article{lin2013network,
  title={Network in network},
  author={Lin, Min and Chen, Qiang and Yan, Shuicheng},
  journal={arXiv preprint arXiv:1312.4400},
  year={2013}
}

@article{goodfellow2013pylearn2,
  title={Pylearn2: a machine learning research library},
  author={Goodfellow, Ian J and Warde-Farley, David and Lamblin, Pascal and Dumoulin, Vincent and Mirza, Mehdi and Pascanu, Razvan and Bergstra, James and Bastien, Fr{\'e}d{\'e}ric and Bengio, Yoshua},
  journal={arXiv preprint arXiv:1308.4214},
  year={2013}
}
@article{springenberg2014striving,
  title={Striving for simplicity: The all convolutional net},
  author={Springenberg, Jost Tobias and Dosovitskiy, Alexey and Brox, Thomas and Riedmiller, Martin},
  journal={arXiv preprint arXiv:1412.6806},
  year={2014}
}